@misc{sklearn,
  title = {scikit-learn},
  howpublished = {\url{http://scikit-learn.org/stable/}},
  note = {Accessed: 2015-12-9}
}

@misc{enron,
  title = {Enron Email Dataset},
  howpublished = {\url{https://www.cs.cmu.edu/~./enron/}},
  note = {Accessed: 2015-12-9}
}


@misc{projectCode,
  title = {Project Code},
  howpublished = {\url{https://github.com/aoguz/CS6490-FinalProject-SpamFilter}},
  note = {Accessed: 2015-12-9}
}



@article{svm,

  title={Support vector machines for spam categorization},
  author={Drucker, Harris and Wu, Donghui and Vapnik, Vladimir N},
  journal={Neural Networks, IEEE Transactions on},
  volume={10},
  number={5},
  pages={1048--1054},
  year={1999},
  publisher={IEEE}
}



@inproceedings{sculley2007relaxed,
  title={Relaxed online SVMs for spam filtering},
  author={Sculley, D and Wachman, Gabriel M},
  booktitle={Proceedings of the 30th annual international ACM SIGIR conference on Research and development in information retrieval},
  pages={415--422},
  year={2007},
  organization={ACM}
}



@article{choudhary,
  title={Conception and Evolution of Spamming},
  author={Choudhary, Preeti and Dave, Meenu}
}
